<?xml version="1.0" encoding="UTF-8"?><collection xmlns="http://www.loc.gov/MARC21/slim"><record><leader>00760nam--2200205-u-4500</leader><controlfield tag="001">000052780</controlfield><controlfield tag="002">20161230</controlfield><controlfield tag="005">20170303103523</controlfield><controlfield tag="008">101014s1000------------r-----000-0-rum-d</controlfield><datafield ind1=" " ind2=" " tag="040"><subfield code="a">IFIN-HH</subfield></datafield><datafield ind1=" " ind2=" " tag="041"><subfield code="a">rum</subfield></datafield><datafield ind1=" " ind2=" " tag="080"><subfield code="a">535.33/34</subfield></datafield><datafield ind1="1" ind2=" " tag="100"><subfield code="a">Zaidel, A. N</subfield></datafield><datafield ind1="1" ind2="0" tag="245"><subfield code="a">Tehnica si practica spectroscopiei</subfield><subfield code="b">Versiunea romaneasca de Alexandrina Jeflea. Prefata la editia in limba romana de prof. univ. dr. Iancu Iova</subfield><subfield code="c">A.N. Zaidel, G.V. Ostrovskaia, I.I. Ostrovski</subfield></datafield><datafield ind1=" " ind2=" " tag="250"><subfield code="a">Editia a doua imbunatatita si adaugita</subfield></datafield><datafield ind1=" " ind2=" " tag="260"><subfield code="a">Bucuresti</subfield><subfield code="b">Editura Stiintifica si Enciclopedica</subfield><subfield code="c">1984</subfield></datafield><datafield ind1=" " ind2=" " tag="500"><subfield code="a">Titlul original in limba rusa: Tehnika i praktika spektroskopii</subfield></datafield><datafield ind1="1" ind2=" " tag="700"><subfield code="a">Ostrovski, I. I</subfield></datafield><datafield ind1=" " ind2=" " tag="852"><subfield code="a">71610</subfield><subfield code="c">535:33</subfield></datafield><datafield ind1=" " ind2=" " tag="CAT"><subfield code="a">SYS</subfield><subfield code="c">20170303</subfield><subfield code="h">103523</subfield></datafield></record></collection>